@phdthesis{gray2005,
    author      = "Calum Gray",
    school      = "The University of Edinburgh",
    title       = "Acoustic Pulse Reflectometry for Measurement of the Vocal Tract with Application in Voice Synthesis",
    year        = "2005"
}

@misc{syntaxnet,
    author      = "Slav Petrov",
    title       = "Announcing SyntaxNet: The World’s Most Accurate Parser Goes Open Source",
    journal     = "Google Research Blog",
    type        = "Blog",
    number      = "May 12",
    year        = "2016",
    howpublished = {\url{https://research.googleblog.com/2016/05/announcing-syntaxnet-worlds-most.html}}
}

@article{shadle2002prospects,
  title={Prospects for articulatory synthesis: A position paper},
  author={Shadle, Christine H and Damper, Robert I},
  year={2002},
  journal={University of Southhampton}
}

@book{vansanten2013progress,
  title={Progress in speech synthesis},
  author={Van Santen, Jan PH and Sproat, Richard and Olive, Joseph and Hirschberg, Julia},
  year={2013},
  publisher={Springer Science \& Business Media}
}

@book{hardcastle2012speech,
  title={Speech production and speech modelling},
  author={Hardcastle, William J and Marchal, Alain},
  volume={55},
  year={2012},
  publisher={Springer Science \& Business Media}
}

@book{levinson2012articulatory,
  title={Articulatory Speech Synthesis from the Fluid Dynamics of the Vocal Apparatus},
  author={Levinson, Stephen and Davis, Don and Slimon, Scot and Huang, Jun},
  series={Synthesis Lectures on Speech and Audio Processing},
  volume={8},
  number={1},
  pages={1--116},
  year={2012},
  publisher={Morgan \& Claypool Publishers}
}

@article{ghazanfar2008evolution,
  title={Evolution of human vocal production},
  author={Ghazanfar, Asif A and Rendall, Drew},
  journal={Current Biology},
  volume={18},
  number={11},
  pages={R457--R460},
  year={2008},
  publisher={Elsevier}
}

@inproceedings{watson2014mappings,
  title={Mappings between vocal tract area functions, vocal tract resonances and speech formants for multiple speakers.},
  author={Watson, Catherine I},
  booktitle={INTERSPEECH},
  pages={1993--1997},
  year={2014}
}

@misc{voiceaging,
    author      = "{American Academy of Otolaryngology–Head and Neck Surgery}",
    title       = "The Voice and Aging",
    type        = "Online",
    year        = "2015",
    howpublished = {\url{http://www.entnet.org/content/voice-and-aging}}
}

@misc{tearaNZE,
    author      = "Elizabeth Gordon",
    title       = "Speech and accent - Features of the New Zealand accent",
    journal     = "{Te Ara - the Encyclopedia of New Zealand}",
    type        = "Online",
    year        = "2013",
    howpublished = {\url{http://www.teara.govt.nz/en/interactive/40129/vowel-phonemes-of-new-zealand-english}}
}

@misc{helen,
    author      = "Helen Searle",
    title       = "{Summer Studentship: Vocal Tract Measurement - Refinement and proof of a measurement system for extracting length, area and volume data from MRI Images}",
    school      = "University of Auckland",
    address     = "{New Zealand}",
    year        = "2012"
}

@MastersThesis{daniel,
    author      = "{Hsaio-Tien} Fan",
    title       = "{Comparison of vocal tract shape modelling methods: MRI vs. AR}",
    school      = "University of Auckland",
    address     = "{New Zealand}",
    year        = "2012"
}

@misc{kalyan,
    author      = "Venkata Leela Kalyan Chilukuri",
    title       = "Practical work report",
    school      = "University of Auckland",
    address     = "{New Zealand}",
    year        = "2011"
}

@article{xue1999age,
  title={Age-related changes in human vocal tract configurations and the effects on speakers' vowel formant frequencies: a pilot study},
  author={Xue, An and Jiang, Jack and Lin, Emily and Glassenberg, Raymond and Mueller, Peter B},
  journal={Logopedics Phoniatrics Vocology},
  volume={24},
  number={3},
  pages={132--137},
  year={1999},
  publisher={Taylor \& Francis}
}

@article{xue2003changes,
  title={Changes in the human vocal tract due to aging and the acoustic correlates of speech productiona pilot study},
  author={Xue, Steve An and Hao, Grace Jianping},
  journal={Journal of Speech, Language, and Hearing Research},
  volume={46},
  number={3},
  pages={689--701},
  year={2003},
  publisher={ASHA}
}

@article{martin1997effect,
  title={The effect of age, sex, obesity and posture on upper airway size},
  author={Martin, SE and Mathur, R and Marshall, I and Douglas, NJ},
  journal={European Respiratory Journal},
  volume={10},
  number={9},
  pages={2087--2090},
  year={1997},
  publisher={Eur Respiratory Soc}
}

@article{jacewicz2016acoustics,
  title={Acoustics of regionally accented speech},
  author={Jacewicz, Eva and Fox, Robert A},
  journal={Acoustics Today},
  volume={12},
  number={2},
  pages={31--38},
  year={2016}
}

@article{story1996vocal,
  title={Vocal tract area functions from magnetic resonance imaging},
  author={Story, Brad H and Titze, Ingo R and Hoffman, Eric A},
  journal={The Journal of the Acoustical Society of America},
  volume={100},
  number={1},
  pages={537--554},
  year={1996},
  publisher={Acoustical Society of America}
}